@ARTICLE{lang14b,
   author = {{Lang}, D. and {Hogg}, D.~W. and {Schlegel}, D.~J.},
    title = "{WISE photometry for 400 million SDSS sources}",
  journal = {ArXiv e-prints},
archivePrefix = "arXiv",
   eprint = {1410.7397},
 primaryClass = "astro-ph.IM",
 keywords = {Astrophysics - Instrumentation and Methods for Astrophysics, Astrophysics - Astrophysics of Galaxies},
     year = 2014,
    month = oct,
   adsurl = {http://adsabs.harvard.edu/abs/2014arXiv1410.7397L},
  adsnote = {Provided by the SAO/NASA Astrophysics Data System}
}

@ARTICLE{lang14,
   author = {{Lang}, D.},
    title = "{unWISE: Unblurred Coadds of the WISE Imaging}",
  journal = {\aj},
archivePrefix = "arXiv",
   eprint = {1405.0308},
 primaryClass = "astro-ph.IM",
 keywords = {methods: data analysis, surveys, techniques: image processing},
     year = 2014,
    month = may,
   volume = 147,
      eid = {108},
    pages = {108},
      doi = {10.1088/0004-6256/147/5/108},
   adsurl = {http://adsabs.harvard.edu/abs/2014AJ....147..108L},
  adsnote = {Provided by the SAO/NASA Astrophysics Data System}
}

@ARTICLE{wright10,
   author = {{Wright}, E.~L. and {Eisenhardt}, P.~R.~M. and {Mainzer}, A.~K. and
        {Ressler}, M.~E. and {Cutri}, R.~M. and {Jarrett}, T. and {Kirkpatrick}, J.~D. and
        {Padgett}, D. and {McMillan}, R.~S. and {Skrutskie}, M. and
        {Stanford}, S.~A. and {Cohen}, M. and {Walker}, R.~G. and {Mather}, J.~C. and
        {Leisawitz}, D. and {Gautier}, III, T.~N. and {McLean}, I. and
        {Benford}, D. and {Lonsdale}, C.~J. and {Blain}, A. and {Mendez}, B. and
        {Irace}, W.~R. and {Duval}, V. and {Liu}, F. and {Royer}, D. and
        {Heinrichsen}, I. and {Howard}, J. and {Shannon}, M. and {Kendall}, M. and
        {Walsh}, A.~L. and {Larsen}, M. and {Cardon}, J.~G. and {Schick}, S. and
        {Schwalm}, M. and {Abid}, M. and {Fabinsky}, B. and {Naes}, L. and
        {Tsai}, C.-W.},
    title = "{The Wide-field Infrared Survey Explorer (WISE): Mission Description and Initial On-orbit Performance}",
  journal = {\aj},
archivePrefix = "arXiv",
   eprint = {1008.0031},
 primaryClass = "astro-ph.IM",
 keywords = {infrared: general, space vehicles, surveys},
     year = 2010,
    month = dec,
   volume = 140,
      eid = {1868},
    pages = {1868-1881},
      doi = {10.1088/0004-6256/140/6/1868},
   adsurl = {http://adsabs.harvard.edu/abs/2010AJ....140.1868W},
  adsnote = {Provided by the SAO/NASA Astrophysics Data System}
}

@ARTICLE{neowiser,
   author = {{Mainzer}, A. and {Bauer}, J. and {Cutri}, R.~M. and {Grav}, T. and 
	{Masiero}, J. and {Beck}, R. and {Clarkson}, P. and {Conrow}, T. and 
	{Dailey}, J. and {Eisenhardt}, P. and {Fabinsky}, B. and {Fajardo-Acosta}, S. and 
	{Fowler}, J. and {Gelino}, C. and {Grillmair}, C. and {Heinrichsen}, I. and 
	{Kendall}, M. and {Kirkpatrick}, J.~D. and {Liu}, F. and {Masci}, F. and 
	{McCallon}, H. and {Nugent}, C.~R. and {Papin}, M. and {Rice}, E. and 
	{Royer}, D. and {Ryan}, T. and {Sevilla}, P. and {Sonnett}, S. and 
	{Stevenson}, R. and {Thompson}, D.~B. and {Wheelock}, S. and 
	{Wiemer}, D. and {Wittman}, M. and {Wright}, E. and {Yan}, L.
	},
    title = "{Initial Performance of the NEOWISE Reactivation Mission}",
  journal = {\apj},
archivePrefix = "arXiv",
   eprint = {1406.6025},
 primaryClass = "astro-ph.EP",
 keywords = {comets: general, infrared: general, minor planets, asteroids: general, space vehicles, surveys },
     year = 2014,
    month = sep,
   volume = 792,
      eid = {30},
    pages = {30},
      doi = {10.1088/0004-637X/792/1/30},
   adsurl = {http://adsabs.harvard.edu/abs/2014ApJ...792...30M},
  adsnote = {Provided by the SAO/NASA Astrophysics Data System}
}

@ARTICLE{faherty,
   author = {{Faherty}, J.~K. and {Alatalo}, K. and {Anderson}, L.~D. and 
	{Assef}, R.~J. and {Bardalez Gagliuffi}, D.~C. and {Barry}, M. and 
	{Benford}, D.~J. and {Bilicki}, M. and {Burningham}, B. and 
	{Christian}, D.~J. and {Cushing}, M.~C. and {Eisenhardt}, P.~R. and 
	{Elvisx}, M. and {Fajardo-Acosta}, S.~B. and {Finkbeiner}, D.~P. and 
	{Fischer}, W.~J. and {Forrest}, W.~J. and {Fowler}, J. and {Gardner}, J.~P. and 
	{Gelino}, C.~R. and {Gorjian}, V and {Grillmair}, C.~J. and 
	{Gromadzki}, M. and {Hall}, K.~P. and {Ivezi'c}, Z. and {Izumi}, N. and 
	{Kirkpatrick}, J.~D. and {Kov{\'a}cs}, A. and {Lang}, D. and 
	{Leisawitz}, D. and {Liu}, F. and {Mainzer}, A. and {Malek}, K. and 
	{Marton}, G. and {Masci}, F.~J. and {McLean}, I.~S. and {Meisner}, A. and 
	{Nikutta}, R. and {Padgett}, D.~L. and {Patel}, R. and {Rebull}, L.~M. and 
	{Rich}, J.~A. and {Ringwald}, F.~A. and {Rose}, M. and {Schneider}, A.~C. and 
	{Stassun}, K.~G and {Stern}, D. and {Tsai}, C.-W. and {Wang}, F. and 
	{Weston}, M.~E. and {L.}, E. and {Wright} and {Wu}, J. and {Yang}, J.
	},
    title = "{Results from the Wide-field Infrared Survey Explorer (WISE) Future Uses Session at the WISE at 5 Meeting}",
  journal = {ArXiv e-prints},
archivePrefix = "arXiv",
   eprint = {1505.01923},
 primaryClass = "astro-ph.IM",
 keywords = {Astrophysics - Instrumentation and Methods for Astrophysics, Astrophysics - Solar and Stellar Astrophysics},
     year = 2015,
    month = may,
   adsurl = {http://adsabs.harvard.edu/abs/2015arXiv150501923F},
  adsnote = {Provided by the SAO/NASA Astrophysics Data System}
}

@ARTICLE{meisner14,
   author = {{Meisner}, A.~M. and {Finkbeiner}, D.~P.},
    title = "{A Full-sky, High-resolution Atlas of Galactic 12 {$\mu$}m Dust Emission with WISE}",
  journal = {\apj},
archivePrefix = "arXiv",
   eprint = {1312.0947},
 primaryClass = "astro-ph.IM",
 keywords = {dust, extinction, infrared: ISM, ISM: structure },
     year = 2014,
    month = jan,
   volume = 781,
      eid = {5},
    pages = {5},
      doi = {10.1088/0004-637X/781/1/5},
   adsurl = {http://adsabs.harvard.edu/abs/2014ApJ...781....5M},
  adsnote = {Provided by the SAO/NASA Astrophysics Data System}
}

@ARTICLE{desi,
   author = {{Levi}, M. and {Bebek}, C. and {Beers}, T. and {Blum}, R. and 
	{Cahn}, R. and {Eisenstein}, D. and {Flaugher}, B. and {Honscheid}, K. and 
	{Kron}, R. and {Lahav}, O. and {McDonald}, P. and {Roe}, N. and 
	{Schlegel}, D. and {representing the DESI collaboration}},
    title = "{The DESI Experiment, a whitepaper for Snowmass 2013}",
  journal = {ArXiv e-prints},
archivePrefix = "arXiv",
   eprint = {1308.0847},
 primaryClass = "astro-ph.CO",
 keywords = {Astrophysics - Cosmology and Extragalactic Astrophysics, Astrophysics - Instrumentation and Methods for Astrophysics},
     year = 2013,
    month = aug,
   adsurl = {http://adsabs.harvard.edu/abs/2013arXiv1308.0847L},
  adsnote = {Provided by the SAO/NASA Astrophysics Data System}
}

@ARTICLE{neowise,
   author = {{Mainzer}, A. and {Bauer}, J. and {Grav}, T. and {Masiero}, J. and 
	{Cutri}, R.~M. and {Dailey}, J. and {Eisenhardt}, P. and {McMillan}, R.~S. and 
	{Wright}, E. and {Walker}, R. and {Jedicke}, R. and {Spahr}, T. and 
	{Tholen}, D. and {Alles}, R. and {Beck}, R. and {Brandenburg}, H. and 
	{Conrow}, T. and {Evans}, T. and {Fowler}, J. and {Jarrett}, T. and 
	{Marsh}, K. and {Masci}, F. and {McCallon}, H. and {Wheelock}, S. and 
	{Wittman}, M. and {Wyatt}, P. and {DeBaun}, E. and {Elliott}, G. and 
	{Elsbury}, D. and {Gautier}, IV, T. and {Gomillion}, S. and 
	{Leisawitz}, D. and {Maleszewski}, C. and {Micheli}, M. and 
	{Wilkins}, A.},
    title = "{Preliminary Results from NEOWISE: An Enhancement to the Wide-field Infrared Survey Explorer for Solar System Science}",
  journal = {\apj},
archivePrefix = "arXiv",
   eprint = {1102.1996},
 primaryClass = "astro-ph.EP",
 keywords = {catalogs, comets: general, minor planets, asteroids: general, surveys},
     year = 2011,
    month = apr,
   volume = 731,
      eid = {53},
    pages = {53},
      doi = {10.1088/0004-637X/731/1/53},
   adsurl = {http://adsabs.harvard.edu/abs/2011ApJ...731...53M},
  adsnote = {Provided by the SAO/NASA Astrophysics Data System}
}

@ARTICLE{eboss_qso,
   author = {{Myers}, A.~D. and {Palanque-Delabrouille}, N. and {Prakash}, A. and 
	{P{\^a}ris}, I. and {Yeche}, C. and {Dawson}, K.~S. and {Bovy}, J. and 
	{Lang}, D. and {Schlegel}, D.~J. and {Newman}, J.~A. and {Petitjean}, P. and 
	{Kneib}, J.-P. and {Laurent}, P. and {Percival}, W.~J. and {Ross}, A.~J. and 
	{Seo}, H.-J. and {Tinker}, J.~L. and {Armengaud}, E. and {Brownstein}, J. and 
	{Burtin}, E. and {Cai}, Z. and {Comparat}, J. and {Kasliwal}, M. and 
	{Kulkarni}, S.~R. and {Laher}, R. and {Levitan}, D. and {McBride}, C.~K. and 
	{McGreer}, I.~D. and {Miller}, A.~A. and {Nugent}, P. and {Ofek}, E. and 
	{Rossi}, G. and {Ruan}, J. and {Schneider}, D.~P. and {Sesar}, B. and 
	{Streblyanska}, A. and {Surace}, J.},
    title = "{The SDSS-IV Extended Baryon Oscillation Spectroscopic Survey: Quasar Target Selection}",
  journal = {\apjs},
archivePrefix = "arXiv",
   eprint = {1508.04472},
 keywords = {catalogs, cosmology: observations, galaxies: distances and redshifts, galaxies: photometry, methods: data analysis, quasars: general},
     year = 2015,
    month = dec,
   volume = 221,
      eid = {27},
    pages = {27},
      doi = {10.1088/0067-0049/221/2/27},
   adsurl = {http://adsabs.harvard.edu/abs/2015ApJS..221...27M},
  adsnote = {Provided by the SAO/NASA Astrophysics Data System}
}

@ARTICLE{eboss_lrg,
   author = {{Prakash}, A. and {Licquia}, T.~C. and {Newman}, J.~A. and {Ross}, A.~J. and 
	{Myers}, A.~D. and {Dawson}, K.~S. and {Kneib}, J.-P. and {Percival}, W.~J. and 
	{Bautista}, J.~E. and {Comparat}, J. and {Tinker}, J.~L. and 
	{Schlegel}, D.~J. and {Tojeiro}, R. and {Ho}, S. and {Lang}, D. and 
	{Rao}, S.~M. and {McBride}, C.~K. and {Ben Zhu}, G. and {Brownstein}, J.~R. and 
	{Bailey}, S. and {Bolton}, A.~S. and {Delubac}, T. and {Mariappan}, V. and 
	{Blanton}, M.~R. and {Reid}, B. and {Schneider}, D.~P. and {Seo}, H.-J. and 
	{Carnero Rosell}, A. and {Prada}, F.},
    title = "{The SDSS-IV extended Baryonic Oscillation Spectroscopic Survey: Luminous Red Galaxy Target Selection}",
  journal = {ArXiv e-prints},
archivePrefix = "arXiv",
   eprint = {1508.04478},
 keywords = {Astrophysics - Cosmology and Nongalactic Astrophysics, Astrophysics - Astrophysics of Galaxies},
     year = 2015,
    month = aug,
   adsurl = {http://adsabs.harvard.edu/abs/2015arXiv150804478P},
  adsnote = {Provided by the SAO/NASA Astrophysics Data System}
}

